@book{koza92,
		author    = "Koza, John R.",
		title     = "Genetic Programming: On the Programming of Computers by Means of Natural Selection",
		publisher = "MIT Press",
		year      = "1992"
}


@misc{ wiki:latex,
       author = "Wikipedia",
       title = "LaTeX --- Wikipedia{,} La enciclopedia libre",
       year = "2015",
       url = "https://es.wikipedia.org/w/index.php?title=LaTeX&oldid=84209252",
       note = "[Internet; descargado 30-septiembre-2015]"
}


@misc{ wiki:MIT,
       author = "Wikipedia",
       title = "Licencia MIT --- Wikipedia{,} La enciclopedia libre",
       year = "2024",
       url = "\url{https://es.wikipedia.org/w/index.php?title=Licencia_MIT&oldid=159348811}",
       note = "[Internet; acedido 15-junio-2024]"
}


@misc{ wiki:BSD,
       author = "Wikipedia",
       title = "Licencia BSD --- Wikipedia{,} La enciclopedia libre",
       year = "2024",
       url = "\url{https://es.wikipedia.org/w/index.php?title=Licencia_BSD&oldid=157475814}",
       note = "[Internet; acedido 15-junio-2024]"
}


 @misc{ wiki:PSFL,
       author = "Wikipedia",
       title = "Python Software Foundation License --- Wikipedia{,} La enciclopedia libre",
       year = "2024",
       url = "\url{https://es.wikipedia.org/w/index.php?title=Python_Software_Foundation_License&oldid=157640243}",
       note = "[Internet; acedido 15-junio-2024]"
}


@misc{ wiki:JSON,
       author = "Wikipedia",
       title = "JSON --- Wikipedia{,} La enciclopedia libre",
       year = "2024",
       url = "\url{https://es.wikipedia.org/w/index.php?title=JSON&oldid=159541108}",
       note = "[Internet; acedido 19-junio-2024]"
}



@misc{ wiki:MVC,
       author = "Wikipedia",
       title = "Modelo–vista–controlador --- Wikipedia{,} La enciclopedia libre",
       year = "2023",
       url = "\url{https://es.wikipedia.org/w/index.php?title=Modelo%E2%80%93vista%E2%80%93controlador&oldid=155344388}",
       note = "[Internet; acedido 6-julio-2024]"
}


@misc{ wiki:Sostenibilidad,
       author = "Wikipedia",
       title = "Sostenibilidad --- Wikipedia{,} La enciclopedia libre",
       year = "2024",
       url = "\url{https://es.wikipedia.org/w/index.php?title=Sostenibilidad&oldid=160865202}",
       note = "[Internet; acedido 5-julio-2024]"
}


@misc{ ODS,
       author = "",
       title = "La Asamblea General adopta la Agenda 2030 para el Desarrollo Sostenible",
       year = "",
       howpublished = {\url{https://www.un.org/sustainabledevelopment/es/2015/09/la-asamblea-general-adopta-la-agenda-2030-para-el-desarrollo-sostenible/}},
       note = "[Internet; acedido 5-julio-2024]"
}