@book{koza92,
		author    = "Koza, John R.",
		title     = "Genetic Programming: On the Programming of Computers by Means of Natural Selection",
		publisher = "MIT Press",
		year      = "1992"
}


@misc{ wiki:latex,
       author = "Wikipedia",
       title = "LaTeX --- Wikipedia{,} La enciclopedia libre",
       year = "2015",
       howpublished = {\url{https://es.wikipedia.org/w/index.php?title=LaTeX&oldid=84209252}},
       note = "[Internet; descargado 30-septiembre-2015]"
}


@misc{ wiki:SoftSkills,
       author = "Wikipedia",
       title = "Soft skills --- Wikipedia{,} La enciclopedia libre",
       year = "2023",
       url = "\url{https://es.wikipedia.org/w/index.php?title=Soft_skills&oldid=156140179}",
       note = "[Internet; acedido 3-julio-2024]"
}


@misc{ wiki:Creatividad,
       author = "Wikipedia",
       title = "Creatividad --- Wikipedia{,} La enciclopedia libre",
       year = "2023",
       url = "\url{https://es.wikipedia.org/w/index.php?title=Creatividad&oldid=156312358}",
       note = "[Internet; acedido 3-julio-2024]"
}


@misc{ wiki:ResProblemas,
       author = "Wikipedia",
       title = "Resolución de problemas --- Wikipedia{,} La enciclopedia libre",
       year = "2024",
       url = "\url{https://es.wikipedia.org/w/index.php?title=Resoluci%C3%B3n_de_problemas&oldid=158611356}",
       note = "[Internet; acedido 3-julio-2024]"
}


@misc{ softskillsacademy,
       author = "softskillsacademy",
       title = "Soft skills: un conjunto de características interpersonales.",
       year = "2018",
       howpublished = {\url{https://www.softskillsacademy.es/soft-skills-un-conjunto-de-caracteristicas-interpersonales/}},
       note = "[Internet; acedido 3-julio-2024]"
}


@misc{ wiki:GitHub,
       author = "Wikipedia",
       title = "GitHub --- Wikipedia{,} La enciclopedia libre",
       year = "2024",
       url = "\url{https://es.wikipedia.org/w/index.php?title=GitHub&oldid=160846747}",
       note = "[Internet; acedido 24-junio-2024]"
}


@misc{ wiki:Kanban,
       author = "Wikipedia",
       title = "Kanban (desarrollo) --- Wikipedia{,} La enciclopedia libre",
       year = "2024",
       url = "\url{https://es.wikipedia.org/w/index.php?title=Kanban_(desarrollo)&oldid=160604465}",
       note = "[Internet; acedido 24-junio-2024]"
}


@misc{ wiki:Overleaf,
       author = "Wikipedia",
       title = "Overleaf --- Wikipedia{,} La enciclopedia libre",
       year = "2024",
       url = "\url{https://es.wikipedia.org/w/index.php?title=Overleaf&oldid=159484454}",
       note = "[Internet; acedido 24-junio-2024]"
}


@misc{ wiki:VSC,
       author = "Wikipedia",
       title = "Visual Studio Code --- Wikipedia{,} La enciclopedia libre",
       year = "2024",
       url = "\url{https://es.wikipedia.org/w/index.php?title=Visual_Studio_Code&oldid=161112965}",
       note = "[Internet; acedido 24-junio-2024]"
}


@misc{ wiki:Docker,
       author = "Wikipedia",
       title = "Docker (software) --- Wikipedia{,} La enciclopedia libre",
       year = "2024",
       url = "\url{https://es.wikipedia.org/w/index.php?title=Docker_(software)&oldid=161112814}",
       note = "[Internet; acedido 1-julio-2024]"
}


@misc{ wiki:ChatGPT,
       author = "Wikipedia",
       title = "ChatGPT --- Wikipedia{,} La enciclopedia libre",
       year = "2024",
       url = "\url{https://es.wikipedia.org/w/index.php?title=ChatGPT&oldid=161187159}",
       note = "[Internet; acedido 24-junio-2024]"
}


@misc{ wiki:Flask,
       author = "Wikipedia",
       title = "Flask --- Wikipedia{,} La enciclopedia libre",
       year = "2024",
       url = "\url{https://es.wikipedia.org/w/index.php?title=Flask&oldid=158492722}",
       note = "[Internet; acedido 24-junio-2024]"
}


@misc{ Flask:SQLAlchemy,
       author = "Flask",
       title = "Flask-SQLAlchemy",
       year = "",
       howpublished = {\url{https://flask-sqlalchemy.palletsprojects.com/en/3.1.x/}},
       note = "[Internet; acedido 24-junio-2024]"
}


@misc{ Flask:Migrate,
       author = "Flask",
       title = "Flask-Migrate",
       year = "",
       howpublished = {\url{https://flask-migrate.readthedocs.io/en/latest/}},
       note = "[Internet; acedido 24-junio-2024]"
}


@misc{ wiki:Bootstrap,
       author = "Wikipedia",
       title = "Bootstrap (framework) --- Wikipedia{,} La enciclopedia libre",
       year = "2024",
       url = "\url{https://es.wikipedia.org/w/index.php?title=Bootstrap_(framework)&oldid=160017323}",
       note = "[Internet; acedido 24-junio-2024]"
}


@misc{ VSC-PyCharm,
       author = "stackshare",
       title = "stackshare: PyCharm vs Visual Studio Code.",
       year = "",
       howpublished = {\url{https://stackshare.io/stackups/pycharm-vs-visual-studio-code}},
       note = "[Internet; acedido 23-febrero-2024]"
}


@misc{ GitHub-GitLab,
       author = "stackshare",
       title = "stackshare: GitHub vs GitLab.",
       year = "",
       howpublished = {\url{https://stackshare.io/stackups/github-vs-gitlab}},
       note = "[Internet; acedido 23-febrero-2024]"
}


@misc{ Flask-Django,
       author = "stackshare",
       title = "stackshare: Flask vs Django.",
       year = "",
       howpublished = {\url{https://stackshare.io/stackups/flask-vs-django}},
       note = "[Internet; acedido 23-febrero-2024]"
}


@misc{ RiskReal,
       author = "",
       title = "RiskReal",
       year = "",
       howpublished = {\url{https://app.riskreal.eu/}},
       note = "[Internet; acedido 2-marzo-2024]"
}


@article{bortolot2005,
  title={Estimating forest biomass using small footprint LiDAR data: An individual tree-based approach that incorporates training data},
  author={Bortolot, Zachary J and Wynne, Randolph H},
  journal={ISPRS Journal of Photogrammetry and Remote Sensing},
  volume={59},
  number={6},
  pages={342--360},
  year={2005},
  publisher={Elsevier}
}

